<record><leader>00000cas a22000007a 4500</leader><controlfield tag="001">17159733</controlfield><controlfield tag="008">871202d1868187umouwr ne      0    0eng d</controlfield><datafield ind1=" " ind2=" " tag="010"><subfield code="a">sn 93060007 </subfield></datafield><datafield ind1=" " ind2=" " tag="040"><subfield code="a">KCP</subfield><subfield code="b">eng</subfield><subfield code="c">KCP</subfield><subfield code="d">MQN</subfield><subfield code="d">OCLCQ</subfield></datafield><datafield ind1=" " ind2=" " tag="092"><subfield code="a">071</subfield><subfield code="b">K163</subfield></datafield><datafield ind1="0" ind2="0" tag="245"><subfield code="a">Kansas City weekly bulletin.</subfield></datafield><datafield ind1=" " ind2=" " tag="260"><subfield code="a">Kansas City, Mo. :</subfield><subfield code="b">Kansas City Pub. Co.</subfield></datafield><datafield ind1=" " ind2=" " tag="300"><subfield code="a">v.</subfield></datafield><datafield ind1=" " ind2=" " tag="310"><subfield code="a">Weekly</subfield></datafield><datafield ind1=" " ind2=" " tag="588"><subfield code="a">Description based on: Vol. 4, no. 20 (Jan. 25, 1872).</subfield></datafield><datafield ind1=" " ind2="4" tag="651"><subfield code="a">Kansas City (Mo.)</subfield><subfield code="v">Newspapers.</subfield></datafield><datafield ind1=" " ind2=" " tag="752"><subfield code="a">United States</subfield><subfield code="b">Missouri</subfield><subfield code="c">Jackson</subfield><subfield code="d">Kansas City.</subfield></datafield><datafield ind1="0" ind2=" " tag="775"><subfield code="t">Kansas City daily bulletin</subfield></datafield></record>